@article{bounds,
  title={Bounds on the permanent and some applications},
  author={Gurvits, Leonid and Samorodnitsky, Alex},
  journal={arXiv preprint arXiv:1408.0976},
  year={2014}
}


@inproceedings{evolution,
  title={Satisfiability and evolution},
  author={Livnat, Adi and Papadimitriou, Christos and Rubinstein, Aviad and Valiant, Gregory and Wan, Andrew},
  booktitle={2014 IEEE 55th Annual Symposium on Foundations of Computer Science},
  pages={524--530},
  year={2014},
  organization={IEEE}
} 