@inproceedings{tavakoli2015enhanced,
  title={Enhanced time-slotted channel hopping in WSNs using non-intrusive channel-quality estimation},
  author={Tavakoli, Rasool and Nabi, Majid and Basten, Twan and Goossens, Kees},
  booktitle={Mobile Ad Hoc and Sensor Systems (MASS), 2015 IEEE 12th International Conference on},
  pages={217--225},
  year={2015},
  organization={IEEE}
}

@article{xia,
  title={Internet of things},
  author={Xia, Feng and Yang, Laurence T and Wang, Lizhe and Vinel, Alexey},
  journal={International Journal of Communication Systems},
  volume={25},
  number={9},
  pages={1101--1102},
  year={2012},
  publisher={Wiley Online Library}
}

@article{chang,
  title={Adaptive synchronization in multi-hop TSCH networks},
  author={Chang, Tengfei and Watteyne, Thomas and Pister, Kris and Wang, Qin},
  journal={Computer Networks},
  volume={76},
  pages={165--176},
  year={2015},
  publisher={Elsevier}
}

@article{de,
  title={Analysis and experimental evaluation of ieee 802.15. 4e tsch csma-ca algorithm},
  author={De Guglielmo, Domenico and Al Nahas, Beshr and Duquennoy, Simon and Voigt, Thiemo and Anastasi, Giuseppe},
  journal={IEEE Transactions on Vehicular Technology},
  volume={66},
  number={2},
  pages={1573--1588},
  year={2017},
  publisher={IEEE}
}

@inproceedings{jeon,
  title={Adaptive channel quality estimation method for enhanced time slotted channel hopping on wireless sensor networks},
  author={Jeon, Kihoon and Chung, Sanghwa},
  booktitle={Ubiquitous and Future Networks (ICUFN), 2017 Ninth International Conference on},
  pages={438--443},
  year={2017},
  organization={IEEE}
}

@inproceedings{duq,
  title={Orchestra: Robust mesh networks through autonomously scheduled tsch},
  author={Duquennoy, Simon and Al Nahas, Beshr and Landsiedel, Olaf and Watteyne, Thomas},
  booktitle={Proceedings of the 13th ACM conference on embedded networked sensor systems},
  pages={337--350},
  year={2015},
  organization={ACM}
}

@inproceedings{els,
  title={Adaptive channel selection in IEEE 802.15. 4 TSCH networks},
  author={Elsts, Atis and Fafoutis, Xenofon and Piechocki, Robert and Craddock, Ian},
  booktitle={Global Internet of Things Summit (GIoTS), 2017},
  pages={1--6},
  year={2017},
  organization={IEEE}
}

@article{gomes,
  title={MABO-TSCH: Multihop and blacklist-based optimized time synchronized channel hopping},
  author={Gomes, Pedro Henrique and Watteyne, Thomas and Krishnamachari, Bhaskar},
  journal={Transactions on Emerging Telecommunications Technologies},
  volume={29},
  number={7},
  pages={e3223},
  year={2018},
  publisher={Wiley Online Library}
}





